<record><leader>00000cas a22000007a 4500</leader><controlfield tag="001">10768138</controlfield><controlfield tag="008">840523d19581983nyuwr ne      0   a0eng d</controlfield><controlfield tag="009">148</controlfield><datafield ind1=" " ind2=" " tag="010"><subfield code="a">sn 84031267 </subfield></datafield><datafield ind1=" " ind2=" " tag="040"><subfield code="a">NYG</subfield><subfield code="b">eng</subfield><subfield code="c">NYG</subfield><subfield code="d">NSD</subfield><subfield code="d">NYS</subfield><subfield code="d">OCL</subfield><subfield code="d">OCLCQ</subfield></datafield><datafield ind1=" " ind2=" " tag="042"><subfield code="a">msc</subfield></datafield><datafield ind1="0" ind2="0" tag="245"><subfield code="a">Altamont enterprise and Albany County post.</subfield></datafield><datafield ind1="3" ind2="0" tag="246"><subfield code="a">Altamont enterprise</subfield></datafield><datafield ind1="3" ind2="0" tag="246"><subfield code="a">Albany County post</subfield></datafield><datafield ind1="1" ind2="7" tag="246"><subfield code="a">Enterprise</subfield></datafield><datafield ind1=" " ind2=" " tag="260"><subfield code="a">Altamont, N.Y. :</subfield><subfield code="b">[Howard F. Ogsbury, Marvin C. Vroman and James Pino]</subfield></datafield><datafield ind1=" " ind2=" " tag="300"><subfield code="a">v. :</subfield><subfield code="b">ill.</subfield></datafield><datafield ind1=" " ind2=" " tag="310"><subfield code="a">Weekly</subfield></datafield><datafield ind1="0" ind2=" " tag="362"><subfield code="a">74th year, no. 38 (Apr. 4, 1958)-[99th year], no. 52 (July 21, 1983).</subfield></datafield><datafield ind1=" " ind2=" " tag="500"><subfield code="a">"Albany County weekly. The Enterprise is among the oldest of country weeklies, and carries news from half-a-hundred communities into 3,000 homes."</subfield></datafield><datafield ind1=" " ind2=" " tag="500"><subfield code="a">"Publishing news of more than fifty communities in Albany County, and parts of Schenectady, Schoharie, and Greene Counties."</subfield></datafield><datafield ind1=" " ind2=" " tag="500"><subfield code="a">Publishers: Howard F. Ogsbury, Marvin C. Vroman and James Pino, 1958- ; Howard F. Ogsbury, Marvin C. Vroman, James Pino, and James E. Gardner, &lt;1971&gt;; James E. Gardner, &lt;1979&gt;-</subfield></datafield><datafield ind1=" " ind2=" " tag="500"><subfield code="a">Published on Fridays.</subfield></datafield><datafield ind1=" " ind2=" " tag="500"><subfield code="a">Editors: 1958-, H.F. Ogsbury, M.C. Vroman and J. Pino.</subfield></datafield><datafield ind1=" " ind2="4" tag="651"><subfield code="a">Altamont (N.Y.)</subfield><subfield code="v">Newspapers.</subfield></datafield><datafield ind1=" " ind2=" " tag="752"><subfield code="a">United States</subfield><subfield code="b">New York</subfield><subfield code="c">Albany</subfield><subfield code="d">Altamont.</subfield></datafield><datafield ind1="0" ind2="4" tag="780"><subfield code="t">Altamont enterprise</subfield><subfield code="w">(DLC)sn 84031266</subfield></datafield><datafield ind1="0" ind2="4" tag="780"><subfield code="t">Albany County post</subfield><subfield code="w">(OCoLC)177424400</subfield></datafield><datafield ind1="0" ind2="0" tag="785"><subfield code="t">Altamont enterprise (Altamont, N.Y. : 1983)</subfield><subfield code="x">0890-6025</subfield><subfield code="w">(DLC)sn 86011850</subfield></datafield></record>